@article{taylor2010overview,
  title={An overview of the Hadoop/MapReduce/HBase framework and its current applications in bioinformatics},
  author={Taylor, Ronald C},
  journal={BMC bioinformatics},
  volume={11},
  number={Suppl 12},
  pages={S1},
  year={2010},
  publisher={BioMed Central Ltd}
}
@inproceedings{shvachko2010hadoop,
  title={The hadoop distributed file system},
  author={Shvachko, Konstantin and Kuang, Hairong and Radia, Sanjay and Chansler, Robert},
  booktitle={Mass Storage Systems and Technologies (MSST), 2010 IEEE 26th Symposium on},
  pages={1--10},
  year={2010},
  organization={IEEE}
}
@inproceedings{ghemawat2003google,
  title={The Google file system},
  author={Ghemawat, Sanjay and Gobioff, Howard and Leung, Shun-Tak},
  booktitle={ACM SIGOPS Operating Systems Review},
  volume={37},
  number={5},
  pages={29--43},
  year={2003},
  organization={ACM}
}
@article{lakshman2010cassandra,
  title={Cassandra: a decentralized structured storage system},
  author={Lakshman, Avinash and Malik, Prashant},
  journal={ACM SIGOPS Operating Systems Review},
  volume={44},
  number={2},
  pages={35--40},
  year={2010},
  publisher={ACM}
}
@book{chodorow2013mongodb,
  title={MongoDB: the definitive guide},
  author={Chodorow, Kristina},
  year={2013},
  publisher={" O'Reilly Media, Inc."}
}
@article{chang2008bigtable,
  title={Bigtable: A distributed storage system for structured data},
  author={Chang, Fay and Dean, Jeffrey and Ghemawat, Sanjay and Hsieh, Wilson C and Wallach, Deborah A and Burrows, Mike and Chandra, Tushar and Fikes, Andrew and Gruber, Robert E},
  journal={ACM Transactions on Computer Systems (TOCS)},
  volume={26},
  number={2},
  pages={4},
  year={2008},
  publisher={ACM}
}
@inproceedings{decandia2007dynamo,
  title={Dynamo: amazon's highly available key-value store},
  author={DeCandia, Giuseppe and Hastorun, Deniz and Jampani, Madan and Kakulapati, Gunavardhan and Lakshman, Avinash and Pilchin, Alex and Sivasubramanian, Swaminathan and Vosshall, Peter and Vogels, Werner},
  booktitle={ACM SIGOPS Operating Systems Review},
  volume={41:6},
  pages={205--220},
  year={2007},
  organization={ACM}
}
@techreport{fuchs2012accumulo,
  title={Accumulo--Extensions to Googleâ€™s Bigtable Design},
  author={Fuchs, Adam},
  year={2012},
  institution={Technical report, National Security Agency}
}
@article{stout1986tree,
  title={Tree rebalancing in optimal time and space},
  author={Stout, Quentin F. and Warren, Bette L.},
  journal={Communications of the ACM},
  volume={29},
  number={9},
  pages={902--908},
  year={1986},
  publisher={ACM}
}
@book{guttman1984r,
  title={R-trees: a dynamic index structure for spatial searching},
  author={Guttman, Antonin},
  volume={14},
  number={2},
  year={1984},
  publisher={ACM}
}
@book{beckmann1990r,
  title={The R*-tree: an efficient and robust access method for points and rectangles},
  author={Beckmann, Norbert and Kriegel, Hans-Peter and Schneider, Ralf and Seeger, Bernhard},
  volume={19},
  number={2},
  year={1990},
  publisher={ACM}
}
@inproceedings{zhong2012towards,
  title={Towards parallel spatial query processing for big spatial data},
  author={Zhong, Yunqin and Han, Jizhong and Zhang, Tieying and Li, Zhenhua and Fang, Jinyun and Chen, Guihai},
  booktitle={Parallel and Distributed Processing Symposium Workshops \& PhD Forum (IPDPSW), 2012 IEEE 26th International},
  pages={2085--2094},
  year={2012},
  organization={IEEE}
}
@inproceedings{zhong2012distributed,
  title={A distributed geospatial data storage and processing framework for large-scale WebGIS},
  author={Zhong, Yunqin and Han, Jizhong and Zhang, Tieying and Fang, Jinyun},
  booktitle={Geoinformatics (GEOINFORMATICS), 2012 20th International Conference on},
  pages={1--7},
  year={2012},
  organization={IEEE}
}
@inproceedings{zhong2013vegacache,
  title={VegaCache: Efficient and progressive spatio-temporal data caching scheme for online geospatial applications},
  author={Zhong, Yunqin and Fang, Jinyun and Zhao, Xiaofang},
  booktitle={Geoinformatics (GEOINFORMATICS), 2013 21st International Conference on},
  pages={1--7},
  year={2013},
  organization={IEEE}
}
@inproceedings{zhong2012elastic,
  title={Elastic and effective spatio-temporal query processing scheme on hadoop},
  author={Zhong, Yunqin and Zhu, Xiaomin and Fang, Jinyun},
  booktitle={Proceedings of the 1st ACM SIGSPATIAL International Workshop on Analytics for Big Geospatial Data},
  pages={33--42},
  year={2012},
  organization={ACM}
}
@inproceedings{han2013hgrid,
  title={HGrid: A Data Model for Large Geospatial Data Sets in HBase},
  author={Han, Dan and Stroulia, Eleni},
  booktitle={Proceedings of the 2013 IEEE Sixth International Conference on Cloud Computing},
  pages={910--917},
  year={2013},
  organization={IEEE Computer Society}
}
@inproceedings{fox2013spatio,
  title={Spatio-temporal indexing in non-relational distributed databases},
  author={Fox, Anthony and Eichelberger, Chris and Hughes, James and Lyon, Skylar},
  booktitle={Big Data, 2013 IEEE International Conference on},
  pages={291--299},
  year={2013},
  organization={IEEE}
}
@incollection{ma2013st,
  title={ST-HBase: a scalable data management system for massive geo-tagged objects},
  author={Ma, Youzhong and Zhang, Yu and Meng, Xiaofeng},
  booktitle={Web-Age Information Management},
  pages={155--166},
  year={2013},
  publisher={Springer}
}
@book{chodorow2013mongodb,
  title={MongoDB: the definitive guide},
  author={Chodorow, Kristina},
  year={2013},
  publisher={" O'Reilly Media, Inc."}
}
@article{dvoretzky1956asymptotic,
  title={Asymptotic minimax character of the sample distribution function and of the classical multinomial estimator},
  author={Dvoretzky, Aryeh and Kiefer, Jack and Wolfowitz, Jacob},
  journal={The Annals of Mathematical Statistics},
  pages={642--669},
  year={1956},
  publisher={JSTOR}
}
@article{samet1985storing,
  title={Storing a collection of polygons using quadtrees},
  author={Samet, Hanan and Webber, Robert E},
  journal={ACM Transactions on Graphics (TOG)},
  volume={4},
  number={3},
  pages={182--222},
  year={1985},
  publisher={ACM}
}
@article{bayer1972symmetric,
  title={Symmetric binary B-trees: Data structure and maintenance algorithms},
  author={Bayer, Rudolf},
  journal={Acta informatica},
  volume={1},
  number={4},
  pages={290--306},
  year={1972},
  publisher={Springer}
}
